[
  {"symbol": "BTC/USDT", "timestamp": "2024-01-15T09:00:00Z", "price": 64523.10, "side": "buy",  "qty": 0.125, "bid_qty": 8.5,  "ask_qty": 6.2,  "volume": 1250.4},
  {"symbol": "BTC/USDT", "timestamp": "2024-01-15T09:00:05Z", "price": 64531.80, "side": "buy",  "qty": 0.089, "bid_qty": 9.1,  "ask_qty": 5.8,  "volume": 1312.7},
  {"symbol": "BTC/USDT", "timestamp": "2024-01-15T09:00:10Z", "price": 64518.20, "side": "sell", "qty": 0.234, "bid_qty": 7.8,  "ask_qty": 8.4,  "volume": 1198.3},
  {"symbol": "BTC/USDT", "timestamp": "2024-01-15T09:00:15Z", "price": 64545.60, "side": "buy",  "qty": 0.156, "bid_qty": 11.2, "ask_qty": 7.1,  "volume": 1456.8},
  {"symbol": "BTC/USDT", "timestamp": "2024-01-15T09:00:20Z", "price": 64560.00, "side": "buy",  "qty": 0.312, "bid_qty": 13.5, "ask_qty": 6.9,  "volume": 1589.2},
  {"symbol": "BTC/USDT", "timestamp": "2024-01-15T09:00:25Z", "price": 64548.30, "side": "sell", "qty": 0.198, "bid_qty": 10.4, "ask_qty": 9.2,  "volume": 1423.5},
  {"symbol": "BTC/USDT", "timestamp": "2024-01-15T09:00:30Z", "price": 64572.90, "side": "buy",  "qty": 0.267, "bid_qty": 12.8, "ask_qty": 8.1,  "volume": 1634.7},
  {"symbol": "BTC/USDT", "timestamp": "2024-01-15T09:00:35Z", "price": 64589.40, "side": "buy",  "qty": 0.445, "bid_qty": 15.3, "ask_qty": 7.4,  "volume": 1789.3},
  {"symbol": "BTC/USDT", "timestamp": "2024-01-15T09:00:40Z", "price": 64601.20, "side": "buy",  "qty": 0.178, "bid_qty": 16.1, "ask_qty": 6.8,  "volume": 1902.6},
  {"symbol": "BTC/USDT", "timestamp": "2024-01-15T09:00:45Z", "price": 64578.60, "side": "sell", "qty": 0.523, "bid_qty": 9.7,  "ask_qty": 11.2, "volume": 1678.4},
  {"symbol": "BTC/USDT", "timestamp": "2024-01-15T09:00:50Z", "price": 64555.20, "side": "sell", "qty": 0.345, "bid_qty": 8.2,  "ask_qty": 12.8, "volume": 1534.1},
  {"symbol": "BTC/USDT", "timestamp": "2024-01-15T09:00:55Z", "price": 64540.80, "side": "sell", "qty": 0.212, "bid_qty": 7.5,  "ask_qty": 10.4, "volume": 1412.9},
  {"symbol": "BTC/USDT", "timestamp": "2024-01-15T09:01:00Z", "price": 64562.30, "side": "buy",  "qty": 0.389, "bid_qty": 10.9, "ask_qty": 8.7,  "volume": 1567.8},
  {"symbol": "BTC/USDT", "timestamp": "2024-01-15T09:01:05Z", "price": 64578.90, "side": "buy",  "qty": 0.156, "bid_qty": 11.4, "ask_qty": 8.2,  "volume": 1645.3},
  {"symbol": "BTC/USDT", "timestamp": "2024-01-15T09:01:10Z", "price": 64593.50, "side": "buy",  "qty": 0.278, "bid_qty": 13.7, "ask_qty": 7.9,  "volume": 1723.6},
  {"symbol": "BTC/USDT", "timestamp": "2024-01-15T09:01:15Z", "price": 64612.40, "side": "buy",  "qty": 0.423, "bid_qty": 14.9, "ask_qty": 7.3,  "volume": 1834.2},
  {"symbol": "BTC/USDT", "timestamp": "2024-01-15T09:01:20Z", "price": 64625.80, "side": "buy",  "qty": 0.234, "bid_qty": 16.2, "ask_qty": 6.8,  "volume": 1912.5},
  {"symbol": "BTC/USDT", "timestamp": "2024-01-15T09:01:25Z", "price": 64598.20, "side": "sell", "qty": 0.567, "bid_qty": 8.9,  "ask_qty": 12.3, "volume": 1689.7},
  {"symbol": "BTC/USDT", "timestamp": "2024-01-15T09:01:30Z", "price": 64576.40, "side": "sell", "qty": 0.312, "bid_qty": 7.4,  "ask_qty": 11.8, "volume": 1534.8},
  {"symbol": "BTC/USDT", "timestamp": "2024-01-15T09:01:35Z", "price": 64589.70, "side": "buy",  "qty": 0.189, "bid_qty": 10.2, "ask_qty": 9.1,  "volume": 1623.4}
]
